@article{1987,	doi = {10.1093/oxfordjournals.molbev.a040454},	year = {1987},	month = jul,	publisher = {Oxford University Press ({OUP})},	title = {{The neighbor-joining method: a new method for reconstructing phylogenetic trees.}},	journal = {Molecular Biology and Evolution}}@article{sokal58,	added-at = {2009-01-22T02:55:58.000+0100},	author = {Sokal, R. R. and Michener, C. D.},	url = {https://www.bibsonomy.org/bibtex/2e98b6932b71117001ddc4a22b5538532/stephane.guindon},	interhash = {a545d67fd4603f81e7aae176bf1507c0},	intrahash = {e98b6932b71117001ddc4a22b5538532},	journal = {University of Kansas Science Bulletin},	keywords = {imported},	pages = {1409-1438},	timestamp = {2009-01-22T07:35:18.000+0100},	title = {A statistical method for evaluating systematic relationships},	volume = 38,	year = 1958}@incollection{DeBruyn2013,	doi = {10.1007/978-1-62703-767-9_13},	year = {2013},	month = dec,	publisher = {Humana Press},	pages = {257--277},	author = {Alexandre De Bruyn and Darren P. Martin and Pierre Lefeuvre},	title = {{Phylogenetic Reconstruction Methods: An Overview}},	booktitle = {Methods in Molecular Biology}}@article{Prasad2008,	doi = {10.1093/molbev/msn104},	year = {2008},	month = may,	publisher = {Oxford University Press ({OUP})},	volume = {25},	number = {9},	pages = {1795--1808},	author = {Arjun B. Prasad and Marc W. Allard and Eric D. Green and},	title = {{Confirming the Phylogeny of Mammals by Use of Large Comparative Sequence Data Sets}},	journal = {Molecular Biology and Evolution}}@article{Stoye2009,	author = {Martin Vingron and Jens Stoye and Hannes Luz and Roland Wittler},	year = {2002-2009},	month = feb,	title = {{Algorithms for Phylogenetic Reconstructions}},	note = {Lecture notes from Bielefeld University}}@article{Dopazo1997,	doi = {10.1007/pl00006139},	year = {1997},	month = feb,	publisher = {Springer Science and Business Media {LLC}},	volume = {44},	number = {2},	pages = {226--233},	author = {Joaqu{\'{\i}}n Dopazo and Jos{\'{e}} Mar{\'{\i}}a Carazo},	title = {{Phylogenetic Reconstruction Using an Unsupervised Growing Neural Network That Adopts the Topology of a Phylogenetic Tree}},	journal = {Journal of Molecular Evolution}}@ARTICLE{58325,	author = {Teuvo Kohonen},	journal = {Proceedings of the IEEE},	title = {{The self-organizing map}},	year = {1990},	volume = {78},	number = {9},	pages = {1464-1480}}@article{Fritzke1994,	doi = {10.1016/0893-6080(94)90091-4},	year = {1994},	month = jan,	publisher = {Elsevier {BV}},	volume = {7},	number = {9},	pages = {1441--1460},	author = {Bernd Fritzke},	title = {{Growing cell structures {\textemdash} A self-organizing network for unsupervised and supervised learning}},	journal = {Neural Networks}}@phdthesis{Ortiz2016,	author = {Karla Esmeralda Vazquez Ortiz},	title = {{Advanced methods to solve the maximum parsimony problem}},	school = {Universit{\'e} d'Angers},	year = {2016},	note = {Computational Complexity [cs.CC]. English. NNT: 2016ANGE0015ff. fftel-01479049}}@article{dataset,	author = {NIH Intramural Sequencing Center},	title = {{NISC Publications with Supplemental Data {\textemdash} Supplementary Data for Prasad et al. 2008}},	url = {https://www.nisc.nih.gov/data/prasad_2008_mbe/},	note = "Online; accessed 1-June-2020.",	year = {2008}}@inbook{Zvelebil2007,	doi = {10.1201/9780203852507},	year = {2007},	month = aug,	pages = {286},	publisher = {Garland Science},	author = {Marketa Zvelebil},	title = {{Understanding Bioinformatics}}}@article{Gascuel1997,	doi = {10.1093/oxfordjournals.molbev.a025808},	year = {1997},	month = jul,	publisher = {Oxford University Press ({OUP})},	volume = {14},	number = {7},	pages = {685--695},	author = {O. Gascuel},	title = {{BIONJ}: an improved version of the {NJ} algorithm based on a simple model of sequence data},	journal = {Molecular Biology and Evolution}}@article{Fitch1971,	doi = {10.2307/2412116},	year = {1971},	month = dec,	publisher = {{JSTOR}},	volume = {20},	number = {4},	pages = {406},	author = {Walter M. Fitch},	title = {{Toward Defining the Course of Evolution: Minimum Change for a Specific Tree Topology}},	journal = {Systematic Zoology}}@inbook{felsenstein2004,	added-at = {2012-01-04T14:44:33.000+0100},	author = {Joseph Felsenstein},	interhash = {818ac1080bb537f1ce693ccef44a02a4},	intrahash = {387b4ddd740ba80e890494c3cd9917d3},	journal = {Sunderland, Massachusetts: Sinauer Associates},	keywords = {imported},	owner = {psaraiva},	publisher = {Sinauer Associates, Inc.},	timestamp = {2012-01-04T14:44:34.000+0100},	title = {{Inferring phylogenies}},	year = {2004},	pages = {38--44}}@article{Hickey2008,	doi = {10.4137/ebo.s419},	url = {https://doi.org/10.4137/ebo.s419},	year = {2008},	month = jan,	publisher = {{SAGE} Publications},	volume = {4},	pages = {EBO.S419},	author = {Glenn Hickey and Frank Dehne and Andrew Rau-Chaplin and Christian Blouin},	title = {{SPR Distance Computation for Unrooted Trees}},	journal = {Evolutionary Bioinformatics}}